@article{ShirmohammadiANetworks,
    title = {{A compensation-based power flow method for weakly meshed distribution and transmission networks}},
    journal = {ieeexplore.ieee.org},
    author = {Shirmohammadi, D and {\ldots}, HW Hong - IEEE Transactions on and 1988, undefined},
    url = {https://ieeexplore.ieee.org/abstract/document/192932/}
}

@article{Lavorato2012ImposingProblems,
    title = {{Imposing Radiality Constraints in Distribution System Optimization Problems}},
    year = {2012},
    journal = {IEEE Transactions on Power Systems},
    author = {Lavorato, Marina and Franco, John F. and Rider, Marcos J. and Romero, Rubén},
    number = {1},
    month = {2},
    pages = {172--180},
    volume = {27},
    url = {http://ieeexplore.ieee.org/document/5982115/},
    doi = {10.1109/TPWRS.2011.2161349},
    issn = {0885-8950}
}

@article{Lavorato2012ImposingProblemsb,
    title = {{Imposing Radiality Constraints in Distribution System Optimization Problems}},
    year = {2012},
    journal = {IEEE Transactions on Power Systems},
    author = {Lavorato, Marina and Franco, John F. and Rider, Marcos J. and Romero, Rubén},
    number = {1},
    month = {2},
    pages = {172--180},
    volume = {27},
    url = {http://ieeexplore.ieee.org/document/5982115/},
    doi = {10.1109/TPWRS.2011.2161349},
    issn = {0885-8950}
}

@book{Bazaraa1990LinearFlows,
    title = {{Linear Programming and Network Flows}},
    year = {1990},
    author = {Bazaraa, Mokhtar S and Jarvis, John J and Hanif, D},
    publisher = {John Wiley {\textbackslash}{\&} Sons, New York}
}

@article{DeliveryNewNetworks,
    title = {{New method for the analysis of distribution networks}},
    journal = {ieeexplore.ieee.org},
    author = {Delivery, RG Cespedes - IEEE Transactions on Power and 1990, undefined},
    url = {https://ieeexplore.ieee.org/abstract/document/107303/}
}