@article{Shirmohammadi1988ANetworks,
    title = {{A compensation-based power flow method for weakly meshed distribution and transmission networks}},
    year = {1988},
    journal = {IEEE Transactions on Power Systems},
    author = {Shirmohammadi, D. and Hong, H.W. and Semlyen, A. and Luo, G.X.},
    number = {2},
    month = {5},
    pages = {753--762},
    volume = {3},
    url = {http://ieeexplore.ieee.org/document/192932/},
    doi = {10.1109/59.192932},
    issn = {08858950}
}

@techreport{Souza2015AlgoritmoVariaveis,
    title = {{Algoritmo imunol{\'{o}}gico artificial opt-ainet aplicado a reconfigura{\c{c}}{\~{a}}o de sistemas de distribui{\c{c}}{\~{a}}o considerando demandas vari{\'{a}}veis}},
    year = {2015},
    author = {Souza, Simone S F and Romero, Ruben},
    url = {http://cdsid.org.br/sbpo2015/wp-content/uploads/2015/08/142850.pdf},
    institution = {UNESP},
    keywords = {Artificial Immune Systems, Distribution Systems Reconfiguration, Opt-aiNet EN-OR in Energy, Variable Demands}
}

@article{Alves2012Alocacao-,
    title = {{Aloca{\c{c}}{\~{a}}o {\'{o}}tima de reguladores de tens{\~{a}}o em sistemas de distribui{\c{c}}{\~{a}}o de energia el{\'{e}}trica radiais usando uma formula{\c{c}}{\~{a}}o linear inteira mista. -}},
    year = {2012},
    journal = {Aleph},
    author = {Alves, Raiane Piacente [UNESP]},
    month = {2},
    pages = {96 f. : il.},
    publisher = {Universidade Estadual Paulista (UNESP)},
    url = {https://repositorio.unesp.br/handle/11449/87131},
    keywords = {Distribui{\c{c}}{\~{a}}o, Energia eletrica, Energia el{\'{e}}trica, Radial electrical distribution system, Sistemas de energia eletrica, Transmiss{\~{a}}o}
}

@book{Fourer2003AMPLProgramming,
    title = {{AMPL : a modeling language for mathematical programming}},
    year = {2003},
    author = {Fourer, Robert. and Gay, David M. and Kernighan, Brian W.},
    pages = {517},
    publisher = {Thomson/Brooks/Cole},
    url = {https://ampl.com/resources/the-ampl-book/chapter-downloads/},
    isbn = {0534388094}
}

@inproceedings{deCastro2002AnOptimization,
    title = {{An artificial immune network for multimodal function optimization}},
    year = {2002},
    booktitle = {Proceedings of the 2002 Congress on Evolutionary Computation. CEC'02 (Cat. No.02TH8600)},
    author = {de Castro, L.N. and Timmis, J.},
    pages = {699--704},
    volume = {1},
    publisher = {IEEE},
    url = {http://ieeexplore.ieee.org/document/1007011/},
    isbn = {0-7803-7282-4},
    doi = {10.1109/CEC.2002.1007011}
}

@article{Glover1986FutureIntelligence,
    title = {{Future paths for integer programming and links to artificial intelligence}},
    year = {1986},
    journal = {Computers {\&} Operations Research},
    author = {Glover, Fred},
    number = {5},
    month = {1},
    pages = {533--549},
    volume = {13},
    publisher = {Pergamon},
    url = {https://www.sciencedirect.com/science/article/pii/0305054886900481},
    doi = {10.1016/0305-0548(86)90048-1},
    issn = {0305-0548}
}

@article{Lavorato2012ImposingProblems,
    title = {{Imposing Radiality Constraints in Distribution System Optimization Problems}},
    year = {2012},
    journal = {IEEE Transactions on Power Systems},
    author = {Lavorato, Marina and Franco, John F. and Rider, Marcos J. and Romero, Rubén},
    number = {1},
    month = {2},
    pages = {172--180},
    volume = {27},
    url = {http://ieeexplore.ieee.org/document/5982115/},
    doi = {10.1109/TPWRS.2011.2161349},
    issn = {0885-8950}
}

@incollection{Byrd2006Knitro:Optimization,
    title = {{Knitro: An Integrated Package for Nonlinear Optimization}},
    year = {2006},
    booktitle = {Knitro},
    author = {Byrd, Richard H. and Nocedal, Jorge and Waltz, Richard A.},
    pages = {35--59},
    publisher = {Springer, Boston, MA},
    url = {http://link.springer.com/10.1007/0-387-30065-1_4},
    doi = {10.1007/0-387-30065-1{\_}4}
}

@book{Bazaraa1990LinearFlows,
    title = {{Linear programming and network flows}},
    year = {1990},
    author = {Bazaraa, M. S. and Jarvis, John J. and Sherali, Hanif D. and {Wiley InterScience (Online service)}},
    pages = {748},
    publisher = {John Wiley {\&} Sons, Inc., Hoboken},
    url = {https://books.google.com.br/books?hl=pt-BR&lr=&id=FykSXKGEeZQC&oi=fnd&pg=PR7&dq=M.+S.+Bazaraa,+J.+J.+Jarvis,+and+D.+Hanif,+Linear+Programming+and+Network+Flows.+John+Wiley+%5C%26+Sons,+New+York,+1990.&ots=6N2OeROUCB&sig=UtR4KlozgRpsrdfbCeiwsBl1i2I#v=onepa},
    address = {New York},
    isbn = {9780471703761}
}

@article{Lopes2013Meta-heuristicasOperacional,
    title = {{Meta-heur{\'{i}}sticas em pesquisa operacional}},
    year = {2013},
    author = {Lopes, Heitor Silvério (Ed.) and Rodrigues, Luiz Carlos de Abreu (Ed.) and Steiner, Maria Teresinha Arns (Ed.)},
    publisher = {Omnipax},
    url = {http://repositorio.utfpr.edu.br/jspui/handle/1/943},
    isbn = {9788564619111},
    keywords = {Algor{\'{i}}tmos computacionais, Computer algorithms, Heuristic, Heur{\'{i}}stica, Operations research, Pesquisa operacional, book}
}

@article{Ribeiro2013ModelosRadias,
    title = {{Modelos de programa{\c{c}}{\~{a}}o inteira mista para a aloca{\c{c}}{\~{a}}o {\'{o}}tima de bancos de capacitores em sistemas de distribui{\c{c}}{\~{a}}o de energia el{\'{e}}trica radias}},
    year = {2013},
    journal = {Aleph},
    author = {Ribeiro, Érica Tatiane Almeida [UNESP]},
    month = {4},
    pages = {102 f. : il.},
    publisher = {Universidade Estadual Paulista (UNESP)},
    url = {https://repositorio.unesp.br/handle/11449/110526},
    keywords = {Capacitadores, Capacitors, Distribui{\c{c}}{\~{a}}o, Energia el{\'{e}}trica, Programa{\c{c}}{\~{a}}o linear, Sistemas de energia eletrica}
}

@article{Goncalves2013ModelosRadiais,
    title = {{Modelos de programa{\c{c}}{\~{a}}o linear inteira mista para resolver problemas de otimiza{\c{c}}{\~{a}}o de sistemas de distribui{\c{c}}{\~{a}}o de energia el{\'{e}}trica radiais}},
    year = {2013},
    journal = {Aleph},
    author = {Gon{\c{c}}alves, Rogério dos Reis [UNESP]},
    month = {6},
    pages = {209 f.},
    publisher = {Universidade Estadual Paulista (UNESP)},
    url = {https://repositorio.unesp.br/handle/11449/100347},
    keywords = {Distribui{\c{c}}{\~{a}}o, Electric power systems, Energia el{\'{e}}trica, Programa{\c{c}}{\~{a}}o (Matem{\'{a}}tica), Sistemas de energia eletrica}
}

@techreport{AgenciaNacionaldeEnergiaEletrica2018ModuloVigencia,
    title = {{M{\'{o}}dulo 8-Qualidade da Energia El{\'{e}}trica Revis{\~{a}}o Motivo da Revis{\~{a}}o Instrumento de aprova{\c{c}}{\~{a}}o pela ANEEL Data de vig{\^{e}}ncia}},
    year = {2018},
    author = {{Ag{\^{e}}ncia Nacional de Energia El{\'{e}}trica}},
    url = {http://www.aneel.gov.br/documents/656827/14866914/M%C3%B3dulo_8-Revis%C3%A3o_10/2f7cb862-e9d7-3295-729a-b619ac6baab9},
    institution = {ANEEL}
}

@article{Baran1989NetworkBalancing,
    title = {{Network reconfiguration in distribution systems for loss reduction and load balancing}},
    year = {1989},
    journal = {IEEE Transactions on Power Delivery},
    author = {Baran, M.E. and Wu, F.F.},
    number = {2},
    month = {4},
    pages = {1401--1407},
    volume = {4},
    url = {http://ieeexplore.ieee.org/document/25627/},
    doi = {10.1109/61.25627},
    issn = {08858977}
}

@article{Cespedes1990NewNetworks,
    title = {{New method for the analysis of distribution networks}},
    year = {1990},
    journal = {IEEE Transactions on Power Delivery},
    author = {Cespedes, R.G.},
    isbn = {0885-8977 VO - 5},
    doi = {10.1109/61.107303},
    issn = {08858977}
}

@article{Rajaram2015PowerDG,
    title = {{Power system reconfiguration in a radial distribution network for reducing losses and to improve voltage profile using modified plant growth simulation algorithm with Distributed Generation (DG)}},
    year = {2015},
    journal = {Energy Reports},
    author = {Rajaram, R. and Sathish Kumar, K. and Rajasekar, N.},
    month = {11},
    pages = {116--122},
    volume = {1},
    publisher = {Elsevier},
    url = {https://www.sciencedirect.com/science/article/pii/S2352484715000165},
    doi = {10.1016/J.EGYR.2015.03.002},
    issn = {2352-4847}
}

@book{Montovani2000ReconfiguracaoTensao.,
    title = {{Reconfigura{\c{c}}{\~{a}}o de sistemas de distribui{\c{c}}{\~{a}}o radiais utilizando o crit{\'{e}}rio de queda de tens{\~{a}}o.}},
    year = {2000},
    booktitle = {Scopus},
    author = {Montovani, José . and Casari, Fernando and Romero, Rubén},
    month = {9},
    pages = {150--159},
    publisher = {A Sociedade},
    url = {https://repositorio.unesp.br/handle/11449/66242},
    keywords = {Algorithms, Artigo, Electric losses, Electric network analysis, Electric potential, Heuristic methods, Switching networks, Voltage drop}
}

@phdthesis{Pereira2010ReconfiguracaoFormigas,
    title = {{Reconfigura{\c{c}}{\~{a}}o {\'{o}}tima de sistemas de distribui{\c{c}}{\~{a}}o de energia el{\'{e}}trica baseado no comportamento de col{\^{o}}nias de formigas}},
    year = {2010},
    author = {Pereira, Fernando Silva},
    month = {2},
    publisher = {Biblioteca Digital de Teses e Disserta{\c{c}}ões da Universidade de S{\~{a}}o Paulo},
    url = {http://www.teses.usp.br/teses/disponiveis/18/18154/tde-28042010-151514/},
    school = {Universidade de S{\~{a}}o Paulo},
    address = {S{\~{a}}o Carlos},
    doi = {10.11606/T.18.2010.tde-28042010-151514},
    keywords = {Active loss minimization, Algoritmo de col{\^{o}}nias de formigas, Ant colony optimization, Electrical distribution systems, Fluxo de pot{\^{e}}ncia {\'{o}}timo, Metaheuristic, Metaheur{\'{i}}stica, Minimiza{\c{c}}{\~{a}}o de perdas, Optimal power flow, Reconfiguration, Reconfigura{\c{c}}{\~{a}}o, Sistemas de distribui{\c{c}}{\~{a}}o de energia el{\'{e}}trica}
}

@phdthesis{Romais2014ReconfiguracaoMista,
    title = {{Reconfigura{\c{c}}{\~{a}}o {\'{o}}tima dos sistemas de distribui{\c{c}}{\~{a}}o de energia el{\'{e}}trica usando uma formula{\c{c}}{\~{a}}o c{\^{o}}nica de segunda ordem inteira mista}},
    year = {2014},
    author = {Romais, R},
    url = {https://repositorio.unesp.br/handle/11449/110519},
    school = {UNESP}
}