%WebPage reference

@MISC{ampl,
author = {AMPL},
title = {About Us},
year = {2018},
note = {Acessado em 30-10-2018},
howpublished={\url{https://ampl.com/about-us/}}
}

@MISC{amplCEPLEX,
author = {AMPL},
title = {CPLEX for AMPL},
year = {2018},
note = {Acessado em 04-10-2018},
howpublished={\url{}}}

@MISC{knitroweb,
author = {Artelys},
title = {Artelys Knitro - Nonlinear optimization solver},
year = {2018},
note = {Acessado em 30-10-2018},
howpublished={\url{https://www.artelys.com/en/optimization-tools/knitro}}
}
@MISC{bonmin,
author = {COIN-OR},
title = {Bonmin wiki},
year = {2018},
note = {Acessado em 1-12-2018},
howpublished={\url{https://projects.coin-or.org/Bonmin}}
}

@MISC{neosguide,
author = {NEOS-Guide},
title = {Mixed Integer Nonlinear Programming},
year = {2018},
note = {Acessado em 14-12-2018},
howpublished={\url{https://neos-guide.org/content/mixed-integer-nonlinear-programming}}
}



@book{taha2008pesquisa,
  title={Pesquisa operacional},
  author={Taha, Hamdy A},
  year={2008},
  publisher={Pearson Educaci{\'o}n}
}


%Referências já usadas
%1 - about us
%2 - Bazaraa - Linear programming and network flows
%3- Cespedes - analysis of distribution networks
%4 - Rider e lavorato impondo sistema de radialidade
%5 - Shirmohammadi

%Referência que ainda devem ser usada
%
%
%
%
%
%
%
